<collection>
<record>
<leader>04323cpcaa22006737i 4500</leader>
<controlfield tag="001">19294125</controlfield>
<controlfield tag="005">20210827150850.0</controlfield>
<controlfield tag="008">160928i19302016ohu eng </controlfield>
<datafield ind1=" " ind2=" " tag="906">
<subfield code="a">7</subfield>
<subfield code="b">cbc</subfield>
<subfield code="c">orignew</subfield>
<subfield code="d">u</subfield>
<subfield code="e">ncip</subfield>
<subfield code="f">20</subfield>
<subfield code="g">y-folklife</subfield>
</datafield>
<datafield ind1=" " ind2=" " tag="955">
<subfield code="a">mkru 2016-09-28</subfield>
<subfield code="a">mler 2019-06-14</subfield>
<subfield code="a">mler 2019-06-18</subfield>
<subfield code="a">mler 2019-08-12</subfield>
<subfield code="a">kere 2019-08-14</subfield>
<subfield code="a">mler 2019-08-14</subfield>
<subfield code="a">mler 2019-09-23</subfield>
</datafield>
<datafield ind1=" " ind2=" " tag="010">
<subfield code="a"> 2016655304</subfield>
</datafield>
<datafield ind1=" " ind2=" " tag="040">
<subfield code="a">DLC</subfield>
<subfield code="b">eng</subfield>
<subfield code="e">dacs</subfield>
<subfield code="c">DLC</subfield>
</datafield>
<datafield ind1=" " ind2=" " tag="043">
<subfield code="a">n-us---</subfield>
<subfield code="a">n-us-oh</subfield>
<subfield code="a">n-us-nc</subfield>
</datafield>
<datafield ind1=" " ind2=" " tag="090">
<subfield code="a">RXJ 4963</subfield>
</datafield>
<datafield ind1=" " ind2=" " tag="090">
<subfield code="a">AFC 2016/051</subfield>
</datafield>
<datafield ind1="0" ind2="0" tag="245">
<subfield code="a">Cooperative Recreation Service collection.</subfield>
</datafield>
<datafield ind1=" " ind2=" " tag="260">
<subfield code="c">1924-2011.</subfield>
</datafield>
<datafield ind1=" " ind2=" " tag="300">
<subfield code="a">29,950</subfield>
<subfield code="f">items ;</subfield>
<subfield code="a">107</subfield>
<subfield code="f">containers ;</subfield>
<subfield code="a">42.5</subfield>
<subfield code="f">linear feet.</subfield>
</datafield>
<datafield ind1=" " ind2=" " tag="300">
<subfield code="3">manuscripts</subfield>
<subfield code="a">approximately 104</subfield>
<subfield code="f">containers ;</subfield>
<subfield code="a">29,947</subfield>
<subfield code="f">items.</subfield>
</datafield>
<datafield ind1=" " ind2=" " tag="300">
<subfield code="3">sound recordings</subfield>
<subfield code="a">2 sound tape reels :</subfield>
<subfield code="b">analog ;</subfield>
<subfield code="c">5 in.</subfield>
</datafield>
<datafield ind1=" " ind2=" " tag="300">
<subfield code="3">sound recordings</subfield>
<subfield code="a">1 sound disc :</subfield>
<subfield code="b">analog, 45 rpm ;</subfield>
<subfield code="c">7 in.</subfield>
</datafield>
<datafield ind1=" " ind2=" " tag="520">
<subfield code="a">
Collection of manuscripts and publications comprising the records of the Cooperative Recreation Service (Delaware, Ohio) and additions by subsequent owners, including World Around Songs, a division of Compassion Books, Inc. Includes correspondence with authors and collectors of songs and games; copyright and permission files; most of the original publications of the CRS; folders of individual folk dance and folk song titles pasted-up for publication; and master negatives of songs and games for publication. Genres include American and International folk songs, Contemporary songs, Humorous songs, Work songs, Carols, Rounds, Spirituals, Hymns, and Canons. Popular titles published by the Cooperative Recreation Service include: Handy play party book (1940, 1982); Work and sing: an international songbook (1944, 1948); Look away: 50 Negro folk songs (1960, 1963); Songs of all time (1946, 1957); African songs (1958); Songs of the wigwam (1955); Little book of carols (1960); One tune more: songs of America (1961); and Handy folklore (1955); among many others.
</subfield>
</datafield>
<datafield ind1="8" ind2=" " tag="524">
<subfield code="a">
Cooperative Recreation Service collection (AFC 2016/051), Archive of Folk Culture, American Folklife Center, Library of Congress, Washington, D.C.
</subfield>
</datafield>
<datafield ind1="1" ind2=" " tag="506">
<subfield code="a">
Access may be restricted. To request materials, please contact the Folklife Reading Room at
</subfield>
<subfield code="u">http://hdl.loc.gov/loc.afc/folklife.contact</subfield>
</datafield>
<datafield ind1=" " ind2=" " tag="540">
<subfield code="a">
Duplication of collection materials may be governed by copyright and other restrictions.
</subfield>
</datafield>
<datafield ind1=" " ind2=" " tag="541">
<subfield code="a">Bruce Greene, World Around Songs;</subfield>
<subfield code="c">Donation;</subfield>
<subfield code="d">2016.</subfield>
</datafield>
<datafield ind1=" " ind2=" " tag="545">
<subfield code="a">
The Cooperative Recreation Service was formed as a publishing and distribution center for kits, songbooks, and pamphlets of folk games and songs from the United States and around the world by Lynn Rohrbough and his wife Katherine Ferris Rohrbough in the late 1920s. The Rorhboughs first collected songs and dances while traveling as recreation leaders in churches throughout North America in the 1930s. The publications were sold and distributed to youth agencies and church groups in the United States and internationally.
</subfield>
</datafield>
<datafield ind1=" " ind2=" " tag="546">
<subfield code="a">In English.</subfield>
</datafield>
<datafield ind1="0" ind2=" " tag="555">
<subfield code="a">Finding aid is available online</subfield>
<subfield code="u">http://hdl.loc.gov/loc.afc/eadafc.af019007</subfield>
</datafield>
<datafield ind1="1" ind2="0" tag="600">
<subfield code="a">Rohrbough, Lynn</subfield>
<subfield code="v">Correspondence.</subfield>
</datafield>
<datafield ind1=" " ind2="0" tag="650">
<subfield code="a">Folk songs.</subfield>
</datafield>
<datafield ind1=" " ind2="0" tag="650">
<subfield code="a">Folk dancing.</subfield>
</datafield>
<datafield ind1=" " ind2="0" tag="650">
<subfield code="a">Games.</subfield>
</datafield>
<datafield ind1=" " ind2="0" tag="650">
<subfield code="a">Singing games.</subfield>
</datafield>
<datafield ind1=" " ind2="0" tag="650">
<subfield code="a">Play-party.</subfield>
</datafield>
<datafield ind1=" " ind2="0" tag="650">
<subfield code="a">Folklore.</subfield>
</datafield>
<datafield ind1=" " ind2="0" tag="650">
<subfield code="a">Tales.</subfield>
</datafield>
<datafield ind1=" " ind2="0" tag="650">
<subfield code="a">Folk drama.</subfield>
</datafield>
<datafield ind1=" " ind2="0" tag="650">
<subfield code="a">Puzzles.</subfield>
</datafield>
<datafield ind1=" " ind2="0" tag="650">
<subfield code="a">Riddles.</subfield>
</datafield>
<datafield ind1=" " ind2="0" tag="650">
<subfield code="a">Work songs.</subfield>
</datafield>
<datafield ind1=" " ind2="0" tag="651">
<subfield code="a">Delaware (Ohio)</subfield>
<subfield code="e">Production place.</subfield>
</datafield>
<datafield ind1=" " ind2="0" tag="651">
<subfield code="a">Burnsville (Anson County, N.C.)</subfield>
<subfield code="e">Production place.</subfield>
</datafield>
<datafield ind1=" " ind2="7" tag="655">
<subfield code="a">Folk songs.</subfield>
<subfield code="2">lcgft</subfield>
</datafield>
<datafield ind1=" " ind2="7" tag="655">
<subfield code="a">Hymns.</subfield>
<subfield code="2">lcgft</subfield>
</datafield>
<datafield ind1=" " ind2="7" tag="655">
<subfield code="a">Carols.</subfield>
<subfield code="2">lcgft</subfield>
</datafield>
<datafield ind1=" " ind2="7" tag="655">
<subfield code="a">Scores.</subfield>
<subfield code="2">aat</subfield>
</datafield>
<datafield ind1=" " ind2="7" tag="655">
<subfield code="a">Songbooks.</subfield>
<subfield code="2">lcgft</subfield>
</datafield>
<datafield ind1=" " ind2="7" tag="655">
<subfield code="a">Kits (sets)</subfield>
<subfield code="2">aat</subfield>
</datafield>
<datafield ind1=" " ind2="7" tag="655">
<subfield code="a">Manuscripts.</subfield>
<subfield code="2">aat</subfield>
</datafield>
<datafield ind1=" " ind2="7" tag="655">
<subfield code="a">Correspondence.</subfield>
<subfield code="2">aat</subfield>
</datafield>
<datafield ind1=" " ind2="7" tag="655">
<subfield code="a">Posters.</subfield>
<subfield code="2">aat</subfield>
</datafield>
<datafield ind1=" " ind2="7" tag="655">
<subfield code="a">Manuscripts for publication.</subfield>
<subfield code="2">aat</subfield>
</datafield>
<datafield ind1="1" ind2=" " tag="700">
<subfield code="a">Greene, Bruce,</subfield>
<subfield code="d">1951-</subfield>
</datafield>
<datafield ind1="2" ind2=" " tag="710">
<subfield code="a">Cooperative Recreation Service (Delaware, Ohio),</subfield>
<subfield code="e">publisher.</subfield>
</datafield>
<datafield ind1=" " ind2=" " tag="852">
<subfield code="a">Library of Congress</subfield>
<subfield code="b">Archive of Folk Culture, American Folklife Center,</subfield>
<subfield code="e">
101 Independence Ave. S.E., Washington, DC USA 20540-4610
</subfield>
<subfield code="u">http://hdl.loc.gov/loc.afc/folklife.home</subfield>
</datafield>
<datafield ind1="4" ind2="2" tag="856">
<subfield code="3">Finding aid</subfield>
<subfield code="u">http://hdl.loc.gov/loc.afc/eadafc.af019007</subfield>
</datafield>
<datafield ind1=" " ind2=" " tag="985">
<subfield code="a">afc/coll</subfield>
</datafield>
<datafield ind1=" " ind2=" " tag="985">
<subfield code="a">afc/ead</subfield>
</datafield>
</record>
</collection>